<record><leader>00000cas a2200000 a 4500</leader><controlfield tag="001">51319392</controlfield><controlfield tag="008">030107d199419uuiluwr ne      0   a0eng c</controlfield><datafield ind1=" " ind2=" " tag="010"><subfield code="a">sn2003060704</subfield></datafield><datafield ind1=" " ind2=" " tag="040"><subfield code="a">CVF</subfield><subfield code="b">eng</subfield><subfield code="c">CVF</subfield><subfield code="d">OCLCQ</subfield><subfield code="d">NVF</subfield><subfield code="d">OCLCQ</subfield><subfield code="d">OCLCF</subfield><subfield code="d">OCLCO</subfield><subfield code="d">NVF</subfield></datafield><datafield ind1=" " ind2=" " tag="042"><subfield code="a">pcc</subfield></datafield><datafield ind1=" " ind2=" " tag="043"><subfield code="a">n-us-il</subfield></datafield><datafield ind1="0" ind2="0" tag="245"><subfield code="a">Romeoville metropolitan.</subfield></datafield><datafield ind1=" " ind2=" " tag="260"><subfield code="a">Lemont, Ill. :</subfield><subfield code="b">Press Publications,</subfield><subfield code="c">1994-[19--?]</subfield></datafield><datafield ind1=" " ind2=" " tag="300"><subfield code="a">volumes</subfield></datafield><datafield ind1=" " ind2=" " tag="310"><subfield code="a">Weekly</subfield></datafield><datafield ind1="0" ind2=" " tag="362"><subfield code="a">Vol. 22, issue 20 (Nov. 3, 1994)-</subfield></datafield><datafield ind1=" " ind2=" " tag="588"><subfield code="a">Latest issue consulted: Vol. 33, no. 18 (May 6, 1999).</subfield></datafield><datafield ind1=" " ind2="0" tag="651"><subfield code="a">Romeoville (Ill.)</subfield><subfield code="v">Newspapers.</subfield></datafield><datafield ind1=" " ind2="7" tag="651"><subfield code="a">Illinois</subfield><subfield code="z">Romeoville.</subfield><subfield code="2">fast</subfield><subfield code="0">(OCoLC)fst01232802</subfield></datafield><datafield ind1=" " ind2="7" tag="655"><subfield code="a">Newspapers.</subfield><subfield code="2">fast</subfield><subfield code="0">(OCoLC)fst01423814</subfield></datafield><datafield ind1=" " ind2=" " tag="752"><subfield code="a">United States</subfield><subfield code="b">Illinois</subfield><subfield code="c">Cook County</subfield><subfield code="d">Lemont.</subfield></datafield><datafield ind1="0" ind2=" " tag="775"><subfield code="t">Bolingbrook metropolitan</subfield><subfield code="w">(DLC)  2009271165</subfield><subfield code="w">(OCoLC)472454631</subfield></datafield><datafield ind1="0" ind2="0" tag="780"><subfield code="t">Metropolitan (Romeoville, Ill.)</subfield><subfield code="w">(DLC)  2010271312</subfield><subfield code="w">(OCoLC)603745003</subfield></datafield><datafield ind1="0" ind2="4" tag="785"><subfield code="t">Bolingbrook metropolitan</subfield><subfield code="w">(DLC)  2009271165</subfield><subfield code="w">(OCoLC)472454631</subfield></datafield><datafield ind1="1" ind2=" " tag="029"><subfield code="a">AU@</subfield><subfield code="b">000024353086</subfield></datafield></record>